<record><leader>00000cas a2200000 a 4500</leader><controlfield tag="001">29397104</controlfield><controlfield tag="008">931129d188u1888ctuwr ne      0    0eng c</controlfield><datafield ind1=" " ind2=" " tag="010"><subfield code="a">sn 93054130 </subfield></datafield><datafield ind1=" " ind2=" " tag="040"><subfield code="a">CNW</subfield><subfield code="b">eng</subfield><subfield code="c">CNW</subfield><subfield code="d">CVF</subfield><subfield code="d">OCLCQ</subfield><subfield code="d">OCLCF</subfield><subfield code="d">OCLCO</subfield></datafield><datafield ind1=" " ind2=" " tag="042"><subfield code="a">pcc</subfield></datafield><datafield ind1=" " ind2=" " tag="043"><subfield code="a">n-us-ct</subfield></datafield><datafield ind1="0" ind2=" " tag="130"><subfield code="a">New Britain herald (New Britain, Conn. : 1888)</subfield></datafield><datafield ind1="1" ind2="0" tag="245"><subfield code="a">New Britain herald.</subfield></datafield><datafield ind1=" " ind2=" " tag="260"><subfield code="a">New Britain, Conn. :</subfield><subfield code="b">Herald Pub. Co.</subfield></datafield><datafield ind1=" " ind2=" " tag="300"><subfield code="a">v.</subfield></datafield><datafield ind1=" " ind2=" " tag="310"><subfield code="a">Weekly</subfield></datafield><datafield ind1="1" ind2=" " tag="362"><subfield code="a">Ceased in 1888.</subfield></datafield><datafield ind1=" " ind2=" " tag="588"><subfield code="a">Description based on: Vol. 9, no. 10 (Mar. 8, 1888).</subfield></datafield><datafield ind1=" " ind2="0" tag="651"><subfield code="a">New Britain (Conn.)</subfield><subfield code="v">Newspapers.</subfield></datafield><datafield ind1=" " ind2="7" tag="655"><subfield code="a">Newspapers.</subfield><subfield code="2">fast</subfield><subfield code="0">(OCoLC)fst01423814</subfield></datafield><datafield ind1=" " ind2="7" tag="651"><subfield code="a">Connecticut</subfield><subfield code="z">New Britain.</subfield><subfield code="2">fast</subfield><subfield code="0">(OCoLC)fst01202983</subfield></datafield><datafield ind1=" " ind2=" " tag="752"><subfield code="a">United States</subfield><subfield code="b">Connecticut</subfield><subfield code="c">Hartford</subfield><subfield code="d">New Britain.</subfield></datafield><datafield ind1="0" ind2=" " tag="775"><subfield code="t">New Britain daily herald</subfield><subfield code="w">(DLC)sn 93053876</subfield><subfield code="w">(OCoLC)27799554</subfield></datafield><datafield ind1="0" ind2=" " tag="775"><subfield code="t">New Britain herald (New Britain, Conn. : 1887)</subfield><subfield code="w">(DLC)sn 99063001</subfield><subfield code="w">(OCoLC)42412828</subfield></datafield><datafield ind1="0" ind2="0" tag="780"><subfield code="t">New Britain weekly herald</subfield><subfield code="w">(DLC)sn 93054116</subfield><subfield code="w">(OCoLC)29396911</subfield></datafield><datafield ind1="0" ind2="5" tag="780"><subfield code="t">New Britain observer</subfield><subfield code="g">Oct. 1887</subfield><subfield code="w">(DLC)sn 93054047</subfield><subfield code="w">(OCoLC)28435875</subfield></datafield><datafield ind1="0" ind2="0" tag="785"><subfield code="t">Weekly herald (New Britain, Conn.)</subfield><subfield code="w">(DLC)sn 00062233</subfield></datafield></record>